@ARTICLE{Hue1997,
    author = {Gerard Huet},
    title = {The Zipper},
    year = {1997},
    journal = {Journal of Functional Programming}
}

@MISC{McBr2001,
    author = {Conor McBride},
    title = {The Derivative of a Regular Type is its Type of One-Hole Contexts},
    year = {2001},
    url = {http://strictlypositive.org/diff.pdf}
}

@ARTICLE{MuRec2009,
    author = {Alexey Rodriguez and Stefan Holdermans and Andres Löh and Johan Jeuring},
    title = {Generic Programming with fixed points for mutually recursive datatypes},
    year = {2009},
	journal = {The ACM SIGPLAN International Conference on Functional Programming}
}

@ARTICLE{HiJeLo2009,
    author = {Ralf Hinze and Johan Jeuring and Andres Löh},
    title = {Type-indexed data types},
    year = {2009},
	journal = {Science of Computer Programming}
}

@ARTICLE{VriLoh2014,
    author = {Edsko de Vries and Andres Löh},
    title = {True Sums of Products},
    year = {2014},
	journal = {The ACM SIGPLAN Workshop on Generic Programming}
}

@ARTICLE{Loh2004,
    author = {Andres Löh},
    title = {Exploring Generic Haskell},
    year = {2004},
	journal = {PhD thesis, Utrecht University}
}

@INPROCEEDINGS{Gib2007,
  author = {Jeremy Gibbons},
  title = {Datatype-Generic Programming},
  year = {2007},
  booktitle = {Spring School on Datatype-Generic Programming}
}

@ONLINE{generics-sop,
    title = {generics-sop, библиотека обобщённого программирования, основанная на суммах произведений},
    language = {english},
    url = {http://hackage.haskell.org/package/generics-sop}
}

@ONLINE{multirec,
    title = {multirec, библиотека обобщённого программирования, основанная на неподвижных точках},
    language = {english},
    url = {http://hackage.haskell.org/package/multirec}
}

@ONLINE{multirec-th,
    title = {Модуль библиотеки multirec, содержащий метапрограммный код для генерации регулярного представления},
    language = {english},
    url = {http://hackage.haskell.org/package/multirec-0.7.7/docs/Generics-MultiRec-TH.html}
}

@INPROCEEDINGS{Loh2015,
  author = {Andres Löh},
  title = {Applying Type-Level and Generic Programming in Haskell},
  year = {2015},
  booktitle = {Summer School on Generic and Effectful Programming}
}

@ONLINE{ghc-generics,
    title = {GHC generics, ранний подход к обобщённому программированию типов данных},
    language = {english},
    url = {http://hackage.haskell.org/package/base-4.7.0.2/docs/GHC-Generics.html}
}
